@inproceedings{long2016analysis,
  title={An analysis of the search spaces for generate and validate patch generation systems},
  author={Long, Fan and Rinard, Martin},
  booktitle={Proceedings of the 38th International Conference on Software Engineering},
  pages={702--713},
  year={2016},
  organization={ACM}
}

@article{long2015staged,
  title={Staged program repair in SPR},
  author={Long, Fan and Rinard, Martin},
  year={2015}
}

@inproceedings{azim2014towards,
  title={Towards self-healing smartphone software via automated patching},
  author={Azim, Md Tanzirul and Neamtiu, Iulian and Marvel, Lisa M},
  booktitle={Proceedings of the 29th ACM/IEEE international conference on Automated software engineering},
  pages={623--628},
  year={2014},
  organization={ACM}
} 

@inproceedings{mechtaev2016angelix,
  title={Angelix: Scalable multiline program patch synthesis via symbolic analysis},
  author={Mechtaev, Sergey and Yi, Jooyong and Roychoudhury, Abhik},
  booktitle={Proceedings of the 38th International Conference on Software Engineering},
  pages={691--701},
  year={2016},
  organization={ACM}
}

@misc{nvd,
    title={National Vulnerability Database},
    note={https://nvd.nist.gov/},
    year={2016},
}

@misc{android-vulns,
    title={Android Security Bulletins},
    note={http://source.android.com/security/bulletin/},
    year={2016},
}

@article{long2015prophet,
  title={Prophet: Automatic patch generation via learning from successful patches},
  author={Long, Fan and Rinard, Martin},
  year={2015}
}

@article{moore2003inside,
  title={Inside the slammer worm},
  author={Moore, David and Paxson, Vern and Savage, Stefan and Shannon, Colleen and Staniford, Stuart and Weaver, Nicholas},
  journal={IEEE security and privacy},
  volume={1},
  number={4},
  pages={33--39},
  year={2003},
  publisher={IEEE Educational Activities Department}
}

@article{streak2003morris,
  title={The Morris worm: A fifteen-year perspective},
  author={Streak, Purple},
  year={2003},
  publisher={Citeseer}
}

@inproceedings{egelman2014you,
  title={Are you ready to lock?},
  author={Egelman, Serge and Jain, Sakshi and Portnoff, Rebecca S and Liao, Kerwell and Consolvo, Sunny and Wagner, David},
  booktitle={Proceedings of the 2014 ACM SIGSAC Conference on Computer and Communications Security},
  pages={750--761},
  year={2014},
  organization={ACM}
}

@inproceedings{le2012systematic,
  title={A systematic study of automated program repair: Fixing 55 out of 105 bugs for \$8 each},
  author={Le Goues, Claire and Dewey-Vogt, Michael and Forrest, Stephanie and Weimer, Westley},
  booktitle={Software Engineering (ICSE), 2012 34th International Conference on},
  pages={3--13},
  year={2012},
  organization={IEEE}
}
